@inproceedings{Las-Casas:2018:WSE:3267809.3267841,
 author = {Las-Casas, Pedro and Mace, Jonathan and Guedes, Dorgival and Fonseca, Rodrigo},
 title = {Weighted Sampling of Execution Traces: Capturing More Needles and Less Hay},
 booktitle = {Proceedings of the ACM Symposium on Cloud Computing},
 series = {SoCC '18},
 year = {2018},
 isbn = {978-1-4503-6011-1},
 location = {Carlsbad, CA, USA},
 pages = {326--332},
 numpages = {7},
 url = {http://doi.acm.org/10.1145/3267809.3267841},
 doi = {10.1145/3267809.3267841},
 acmid = {3267841},
 publisher = {ACM},
 address = {New York, NY, USA},
 keywords = {distributed tracing, weighted sampling},
} 
@inproceedings{Sambasivan:2011:DPC:1972457.1972463,
 author = {Sambasivan, Raja R. and Zheng, Alice X. and De Rosa, Michael and Krevat, Elie and Whitman, Spencer and Stroucken, Michael and Wang, William and Xu, Lianghong and Ganger, Gregory R.},
 title = {Diagnosing Performance Changes by Comparing Request Flows},
 booktitle = {Proceedings of the 8th USENIX Conference on Networked Systems Design and Implementation},
 series = {NSDI'11},
 year = {2011},
 location = {Boston, MA},
 pages = {43--56},
 numpages = {14},
 url = {http://dl.acm.org/citation.cfm?id=1972457.1972463},
 acmid = {1972463},
 publisher = {USENIX Association},
 address = {Berkeley, CA, USA},
} 
@inproceedings{DBLP:conf/cidr/OldenburgZRA19,
  author    = {Lennart Oldenburg and
               Xiangfeng Zhu and
               Kamala Ramasubramanian and
               Peter Alvaro},
  title     = {Fixed It For You: Protocol Repair Using Lineage Graphs},
  booktitle = {{CIDR} 2019, 9th Biennial Conference on Innovative Data Systems Research,
               Asilomar, CA, USA, January 13-16, 2019, Online Proceedings},
  year      = {2019},
  crossref  = {DBLP:conf/cidr/2019},
  url       = {http://cidrdb.org/cidr2019/papers/p122-oldenburg-cidr19.pdf},
  timestamp = {Thu, 17 Jan 2019 16:08:33 +0100},
  biburl    = {https://dblp.org/rec/bib/conf/cidr/OldenburgZRA19},
  bibsource = {dblp computer science bibliography, https://dblp.org}
}
@inproceedings{DBLP:conf/cidr/JainYCH19,
  author    = {Shrainik Jain and
               Jiaqi Yan and
               Thierry Cruanes and
               Bill Howe},
  title     = {Database-Agnostic Workload Management},
  booktitle = {{CIDR} 2019, 9th Biennial Conference on Innovative Data Systems Research,
               Asilomar, CA, USA, January 13-16, 2019, Online Proceedings},
  year      = {2019},
  crossref  = {DBLP:conf/cidr/2019},
  url       = {http://cidrdb.org/cidr2019/papers/p110-jain-cidr19.pdf},
  timestamp = {Thu, 17 Jan 2019 16:08:33 +0100},
  biburl    = {https://dblp.org/rec/bib/conf/cidr/JainYCH19},
  bibsource = {dblp computer science bibliography, https://dblp.org}
}
@article{vanDerMaaten2008,
  added-at = {2015-06-19T12:07:15.000+0200},
  author = {van der Maaten, Laurens and Hinton, Geoffrey},
  biburl = {https://www.bibsonomy.org/bibtex/28b9aebb404ad4a4c6a436ea413550b30/lopusz_kdd},
  interhash = {370ba8b9e1909b61880a6f47c93bcd49},
  intrahash = {8b9aebb404ad4a4c6a436ea413550b30},
  journal = {Journal of Machine Learning Research},
  keywords = {dimensionality_reduction tSNE visualization},
  pages = {2579--2605},
  timestamp = {2015-08-19T15:19:11.000+0200},
  title = {Visualizing Data using {t-SNE} },
  url = {http://www.jmlr.org/papers/v9/vandermaaten08a.html},
  volume = 9,
  year = 2008
}
@article{DBLP:journals/corr/GroverL16,
  author    = {Aditya Grover and
               Jure Leskovec},
  title     = {node2vec: Scalable Feature Learning for Networks},
  journal   = {CoRR},
  volume    = {abs/1607.00653},
  year      = {2016},
  url       = {http://arxiv.org/abs/1607.00653},
  archivePrefix = {arXiv},
  eprint    = {1607.00653},
  timestamp = {Mon, 13 Aug 2018 16:48:14 +0200},
  biburl    = {https://dblp.org/rec/bib/journals/corr/GroverL16},
  bibsource = {dblp computer science bibliography, https://dblp.org}
}
@article{DBLP:journals/corr/abs-1206-5538,
  author    = {Yoshua Bengio and
               Aaron C. Courville and
               Pascal Vincent},
  title     = {Unsupervised Feature Learning and Deep Learning: {A} Review and New
               Perspectives},
  journal   = {CoRR},
  volume    = {abs/1206.5538},
  year      = {2012},
  url       = {http://arxiv.org/abs/1206.5538},
  archivePrefix = {arXiv},
  eprint    = {1206.5538},
  timestamp = {Mon, 13 Aug 2018 16:47:42 +0200},
  biburl    = {https://dblp.org/rec/bib/journals/corr/abs-1206-5538},
  bibsource = {dblp computer science bibliography, https://dblp.org}
}