@inproceedings{CIDR19_OldenburgZRA19,
  author    = {Lennart Oldenburg and
               Xiangfeng Zhu and
               Kamala Ramasubramanian and
               Peter Alvaro},
  title     = {Fixed It For You: Protocol Repair Using Lineage Graphs},
  booktitle = {{CIDR} 2019, 9th Biennial Conference on Innovative Data Systems Research,
               Asilomar, CA, USA, January 13-16, 2019, Online Proceedings},
  year      = {2019},
  url       = {http://cidrdb.org/cidr2019/papers/p122-oldenburg-cidr19.pdf},
  timestamp = {Thu, 17 Jan 2019 16:08:33 +0100},
  biburl    = {https://dblp.org/rec/bib/conf/cidr/OldenburgZRA19},
  bibsource = {dblp computer science bibliography, https://dblp.org}
}
@inproceedings{CIDR19_JainYCH19,
  author    = {Shrainik Jain and
               Jiaqi Yan and
               Thierry Cruanes and
               Bill Howe},
  title     = {Database-Agnostic Workload Management},
  booktitle = {{CIDR} 2019, 9th Biennial Conference on Innovative Data Systems Research,
               Asilomar, CA, USA, January 13-16, 2019, Online Proceedings},
  year      = {2019},
  url       = {http://cidrdb.org/cidr2019/papers/p110-jain-cidr19.pdf},
  timestamp = {Thu, 17 Jan 2019 16:08:33 +0100},
  biburl    = {https://dblp.org/rec/bib/conf/cidr/JainYCH19},
  bibsource = {dblp computer science bibliography, https://dblp.org}
}
@inproceedings{Las-Casas:2018:WSE:3267809.3267841,
 author = {Las-Casas, Pedro and Mace, Jonathan and Guedes, Dorgival and Fonseca, Rodrigo},
 title = {Weighted Sampling of Execution Traces: Capturing More Needles and Less Hay},
 booktitle = {Proceedings of the ACM Symposium on Cloud Computing},
 series = {SoCC '18},
 year = {2018},
 isbn = {978-1-4503-6011-1},
 location = {Carlsbad, CA, USA},
 pages = {326--332},
 numpages = {7},
 url = {http://doi.acm.org/10.1145/3267809.3267841},
 doi = {10.1145/3267809.3267841},
 acmid = {3267841},
 publisher = {ACM},
 address = {New York, NY, USA},
 keywords = {distributed tracing, weighted sampling},
} 
@article{corr_2017_abs-1709-05584,
  author    = {William L. Hamilton and
               Rex Ying and
               Jure Leskovec},
  title     = {Representation Learning on Graphs: Methods and Applications},
  journal   = {CoRR},
  volume    = {abs/1709.05584},
  year      = {2017},
  url       = {http://arxiv.org/abs/1709.05584},
  archivePrefix = {arXiv},
  eprint    = {1709.05584},
  timestamp = {Mon, 13 Aug 2018 16:48:34 +0200},
  biburl    = {https://dblp.org/rec/bib/journals/corr/abs-1709-05584},
  bibsource = {dblp computer science bibliography, https://dblp.org}
}
@article{corr18_GroverL16,
  author    = {Aditya Grover and
               Jure Leskovec},
  title     = {node2vec: Scalable Feature Learning for Networks},
  journal   = {CoRR},
  volume    = {abs/1607.00653},
  year      = {2016},
  url       = {http://arxiv.org/abs/1607.00653},
  archivePrefix = {arXiv},
  eprint    = {1607.00653},
  timestamp = {Mon, 13 Aug 2018 16:48:14 +0200},
  biburl    = {https://dblp.org/rec/bib/journals/corr/GroverL16},
  bibsource = {dblp computer science bibliography, https://dblp.org}
}
@article{DBLP:journals/corr/DaiDS16,
  author    = {Hanjun Dai and
               Bo Dai and
               Le Song},
  title     = {Discriminative Embeddings of Latent Variable Models for Structured
               Data},
  journal   = {CoRR},
  volume    = {abs/1603.05629},
  year      = {2016},
  url       = {http://arxiv.org/abs/1603.05629},
  archivePrefix = {arXiv},
  eprint    = {1603.05629},
  timestamp = {Mon, 13 Aug 2018 16:47:09 +0200},
  biburl    = {https://dblp.org/rec/bib/journals/corr/DaiDS16},
  bibsource = {dblp computer science bibliography, https://dblp.org}
}
@article{DBLP:journals/corr/DuvenaudMAGHAA15,
  author    = {David K. Duvenaud and
               Dougal Maclaurin and
               Jorge Aguilera{-}Iparraguirre and
               Rafael G{\'{o}}mez{-}Bombarelli and
               Timothy Hirzel and
               Al{\'{a}}n Aspuru{-}Guzik and
               Ryan P. Adams},
  title     = {Convolutional Networks on Graphs for Learning Molecular Fingerprints},
  journal   = {CoRR},
  volume    = {abs/1509.09292},
  year      = {2015},
  url       = {http://arxiv.org/abs/1509.09292},
  archivePrefix = {arXiv},
  eprint    = {1509.09292},
  timestamp = {Mon, 13 Aug 2018 16:47:59 +0200},
  biburl    = {https://dblp.org/rec/bib/journals/corr/DuvenaudMAGHAA15},
  bibsource = {dblp computer science bibliography, https://dblp.org}
}
@inproceedings{Sambasivan:2011:DPC:1972457.1972463,
 author = {Sambasivan, Raja R. and Zheng, Alice X. and De Rosa, Michael and Krevat, Elie and Whitman, Spencer and Stroucken, Michael and Wang, William and Xu, Lianghong and Ganger, Gregory R.},
 title = {Diagnosing Performance Changes by Comparing Request Flows},
 booktitle = {Proceedings of the 8th USENIX Conference on Networked Systems Design and Implementation},
 series = {NSDI'11},
 year = {2011},
 location = {Boston, MA},
 pages = {43--56},
 numpages = {14},
 url = {http://dl.acm.org/citation.cfm?id=1972457.1972463},
 acmid = {1972463},
 publisher = {USENIX Association},
 address = {Berkeley, CA, USA},
} 
@article{vanDerMaaten2008,
  added-at = {2015-06-19T12:07:15.000+0200},
  author = {van der Maaten, Laurens and Hinton, Geoffrey},
  biburl = {https://www.bibsonomy.org/bibtex/28b9aebb404ad4a4c6a436ea413550b30/lopusz_kdd},
  interhash = {370ba8b9e1909b61880a6f47c93bcd49},
  intrahash = {8b9aebb404ad4a4c6a436ea413550b30},
  journal = {Journal of Machine Learning Research},
  keywords = {dimensionality_reduction tSNE visualization},
  pages = {2579--2605},
  timestamp = {2015-08-19T15:19:11.000+0200},
  title = {Visualizing Data using {t-SNE} },
  url = {http://www.jmlr.org/papers/v9/vandermaaten08a.html},
  volume = 9,
  year = 2008
}
@misc{OpenTracingCassandra, 
  author = {OpenTracingContrib},
  booktitle = {OpenTracing Cassandra Driver},
  title = {{OpenTracing Cassandra Driver}},
  note = {\url{https://github.com/opentracing-contrib/java-cassandra-driver }},
  year = {2019}
}
@misc{OpenTracingRedis,
  author = {OpenTracingContrib},
  booktitle = {OpenTracing Redis Driver},
  title = {{OpenTracing Redis Driver}}, 
  note = {\url{https://github.com/opentracing-contrib/java-redis-client }},
  year = {2019}
}
@misc{OpenTracingKafka,
  author = {OpenTracingContrib},
  booktitle = {OpenTracing Kafka Driver},
  title = {{OpenTracing Kafka Driver}}, 
  note = {\url{https://github.com/opentracing-contrib/java-kafka-client }},
  year = {2019}
}